<?xml version="1.0" encoding="UTF-8"?><collection xmlns="http://www.loc.gov/MARC21/slim"><record><leader>00467nam--2200145-i-4500</leader><controlfield tag="001">000039530</controlfield><controlfield tag="002">20161230</controlfield><controlfield tag="005">20170103225911</controlfield><controlfield tag="008">060222s1000------------r-----000-0-eng-d</controlfield><datafield ind1=" " ind2=" " tag="080"><subfield code="a">621.384.64(043)</subfield></datafield><datafield ind1=" " ind2=" " tag="245"><subfield code="a">Roland, Sixte Etude Du Faisceau De L`Accelerateur Lineaire De 60 Mev Et Automatisatiion De Son Fonctionnemant</subfield><subfield code="b">These</subfield></datafield><datafield ind1=" " ind2=" " tag="260"><subfield code="a">Paris</subfield><subfield code="b">Orsay l`Univ. de Paris-sud Centre d`Orsay</subfield><subfield code="c">1975</subfield></datafield><datafield ind1=" " ind2=" " tag="300"><subfield code="a">129 p</subfield></datafield><datafield ind1=" " ind2=" " tag="852"><subfield code="a">44196</subfield></datafield><datafield ind1=" " ind2=" " tag="CAT"><subfield code="a">SYS</subfield><subfield code="c">20170103</subfield><subfield code="h">225911</subfield></datafield></record></collection>